@book{williams2008presentations,
  title     = {Presentations in English: Find Your Voice as a Presenter},
  author    = {Williams, E.J.},
  isbn      = {9780230028784},
  pages     = {128},
  series    = {Elt Business/Professional Eng Series},
  year      = {2008},
  publisher = {Macmillan},
  url       = {https://books.google.de/books?id=eCDpGAAACAAJ},
  urldate   = {2022-12-29}
}

@book{emmerson2007business,
  title     = {Business English handbook : advanced ; the whole of business in one book ; [B2, C1 : for class and self study]},
  author    = {Emmerson, P.},
  isbn      = {9783190625765},
  pages     = {128},
  series    = {The Macmillan business grammar and vocabulary series},
  year      = {2007},
  publisher = {Hueber},
  url       = {https://books.google.de/books?id=Ui5kPgAACAAJ},
  urldate   = {2022-12-29}
}

@book{powell2011presenting,
  title     = {Presenting in English: How to Give Successful Presentations},
  author    = {Powell, M.},
  isbn      = {9781111832278},
  pages     = {127},
  issue     = {2},
  year      = {2011},
  publisher = {Heinle Cengage Learning},
  url       = {https://books.google.de/books?id=PrpKmgEACAAJ},
  urldate   = {2022-12-29}
}
